% Pour trouver les références Bibtex des articles, on peut utiliser le site http://dblp.uni-trier.de

@inproceedings{OHearnRY01,
  author    = {Peter W. O'Hearn and
               John C. Reynolds and
               Hongseok Yang},
  title     = {Local Reasoning about Programs that Alter Data Structures},
  booktitle = {Proceedings of {CSL}},
  pages     = {1--19},
  series    = {LNCS},
  volume    = {2142},
  publisher = {Springer},
  year      = {2001},
  biburl    = {http://dblp.uni-trier.de/rec/bib/conf/csl/2001},
  bibsource = {dblp computer science bibliography, http://dblp.org}
}
